<record><leader>00000cas a22000007a 4500</leader><controlfield tag="001">22589387</controlfield><controlfield tag="008">901026d18701971maudn ne      0    0eng d</controlfield><datafield ind1=" " ind2=" " tag="010"><subfield code="a">sn 89063346 </subfield></datafield><datafield ind1=" " ind2=" " tag="040"><subfield code="a">MGN</subfield><subfield code="b">eng</subfield><subfield code="c">MGN</subfield><subfield code="d">OCLCQ</subfield></datafield><datafield ind1=" " ind2=" " tag="042"><subfield code="a">msc</subfield></datafield><datafield ind1="0" ind2=" " tag="130"><subfield code="a">Evening chronicle (North Attleboro, Mass.)</subfield></datafield><datafield ind1="1" ind2="4" tag="245"><subfield code="a">The evening chronicle.</subfield></datafield><datafield ind1=" " ind2=" " tag="260"><subfield code="a">North Attleboro, Mass. :</subfield><subfield code="b">North Attleborough Chronicle Co.</subfield></datafield><datafield ind1=" " ind2=" " tag="300"><subfield code="a">v.</subfield></datafield><datafield ind1=" " ind2=" " tag="310"><subfield code="a">Daily (except Sun. and holidays)</subfield></datafield><datafield ind1="1" ind2=" " tag="362"><subfield code="a">Began in 1870; ceased in Feb. 1971.</subfield></datafield><datafield ind1=" " ind2=" " tag="588"><subfield code="a">Description based on: Vol. 40, no. 1 (Jan. 1, 1909).</subfield></datafield><datafield ind1=" " ind2=" " tag="752"><subfield code="a">United States</subfield><subfield code="b">Massachusetts</subfield><subfield code="c">Bristol</subfield><subfield code="d">North Attleboro.</subfield></datafield><datafield ind1="0" ind2="7" tag="785"><subfield code="t">Attleboro sun</subfield><subfield code="w">(DLC)sn 89062125</subfield></datafield><datafield ind1="0" ind2="7" tag="785"><subfield code="t">Sun chronicle (Attleboro, Mass.)</subfield><subfield code="w">(DLC)sn 89062126</subfield></datafield></record>